@article{Levoy,
 author = {Levoy, Marc and Chen, Billy and Vaish, Vaibhav and Horowitz, Mark and McDowall, Ian and Bolas, Mark},
 title = {Synthetic Aperture Confocal Imaging},
 journal = {ACM Trans. Graph.},
 issue_date = {August 2004},
 volume = {23},
 number = {3},
 month = Aug,
 year = {2004},
 publisher = {ACM},
 address = {New York, NY, USA},
 keywords = {Light fields, camera arrays, coded aperture, confocal microscopy, projector arrays, shaped illumination, synthetic aperture},
}

@MISC{Lewis95fastnormalized,
    author = {J. P. Lewis},
    title = {Fast Normalized Cross-Correlation},
    year = {1995}
}

@MISC{Georgeiv_lightfield,
    author = {Todor Georgeiv and Chintan Intwala},
    title = {Light Field Camera Design for Integral View Photography},
    year = {}
}

@INPROCEEDINGS{Lumsdaine09thefocused,
    author = {Andrew Lumsdaine and Todor Georgiev},
    title = {The Focused Plenoptic Camera},
    booktitle = {In Proc. IEEE ICCP},
    year = {2009},
    pages = {1--8}
}

@inproceedings{VaishWJL04,
  author    = {Vaibhav Vaish and
               Bennett Wilburn and
               Neel Joshi and
               Marc Levoy},
  title     = {Using Plane + Parallax for Calibrating Dense Camera Arrays},
  booktitle = {{CVPR} {(1)}},
  pages     = {2--9},
  publisher = {{IEEE} Computer Society},
  year      = {2004}
}

@inproceedings{Levoy1996,
 author = {Levoy, Marc and Hanrahan, Pat},
 title = {Light Field Rendering},
 booktitle = {Proceedings of the 23rd Annual Conference on Computer Graphics and Interactive Techniques},
 series = {SIGGRAPH '96},
 year = {1996},
 isbn = {0-89791-746-4},
 pages = {31--42},
 numpages = {12},
 url = {http://doi.acm.org/10.1145/237170.237199},
 doi = {10.1145/237170.237199},
 acmid = {237199},
 publisher = {ACM},
 address = {New York, NY, USA},
 keywords = {epipolar analysis, holographic stereogram, image-based rendering, light field, vector quantization},
} 

